<?xml version="1.0" encoding="UTF-8"?><record xmlns="http://www.loc.gov/MARC21/slim" xmlns:cinclude="http://apache.org/cocoon/include/1.0" xmlns:zs="http://www.loc.gov/zing/srw/">
  <leader>00687cz  a2200181n  4500</leader>
  <controlfield tag="001">nr 96039911 </controlfield>
  <controlfield tag="003">DLC</controlfield>
  <controlfield tag="005">20080926081116.0</controlfield>
  <controlfield tag="008">961105n| acannaabn          |b aaa      </controlfield>
  <datafield tag="010" ind1=" " ind2=" ">
    <subfield code="a">nr 96039911 </subfield>
  </datafield>
  <datafield tag="035" ind1=" " ind2=" ">
    <subfield code="a">(OCoLC)oca04204876</subfield>
  </datafield>
  <datafield tag="040" ind1=" " ind2=" ">
    <subfield code="a">DLC-R</subfield>
    <subfield code="b">eng</subfield>
    <subfield code="c">DLC-R</subfield>
    <subfield code="d">OCoLC</subfield>
  </datafield>
  <datafield tag="100" ind1="1" ind2=" ">
    <subfield code="a">Takase, Hisakazu</subfield>
  </datafield>
  <datafield tag="400" ind1="1" ind2=" ">
    <subfield code="a">高瀬尚一</subfield>
  </datafield>
  <datafield tag="667" ind1=" " ind2=" ">
    <subfield code="a">Machine-derived non-Latin script reference project.</subfield>
  </datafield>
  <datafield tag="667" ind1=" " ind2=" ">
    <subfield code="a">Non-Latin script reference not evaluated.</subfield>
  </datafield>
  <datafield tag="670" ind1=" " ind2=" ">
    <subfield code="a">Gendai Afurika-ron, Nihon to Afurika, 1996:</subfield>
    <subfield code="b">t.p. (Takase Hisakazu; r; w. Kokuritsu Kokkai Toshokan Chōsa oyobi Rippō Kōsakyoku Gaikō Bōei Chōsashitsu)</subfield>
  </datafield>
  <datafield tag="675" ind1=" " ind2=" ">
    <subfield code="a">NDL choshamei, 1991;</subfield>
    <subfield code="a">Chosakuken daichō, 1988.</subfield>
  </datafield>
</record>